@article{MELKUMOVA2017746,
title = {Comparing Ridge and LASSO estimators for data analysis},
journal = {Procedia Engineering},
volume = {201},
pages = {746-755},
year = {2017},
note = {3rd International Conference â€œInformation Technology and Nanotechnology", ITNT-2017, 25-27 April 2017, Samara, Russia},
issn = {1877-7058},
doi = {https://doi.org/10.1016/j.proeng.2017.09.615},
url = {https://www.sciencedirect.com/science/article/pii/S1877705817341474},
author = {L.E. Melkumova and S.Ya. Shatskikh},
keywords = {linear regression, Ridge regression, LASSO, cross-validation},
abstract = {This paper is devoted to the comparison of Ridge and LASSO estimators. Test data is used to analyze advantages of each of the two regression analysis methods. All the required calculations are performed using the R software for statistical computing.}
}